% Encoding: UTF-8

@Book{Rogers:2011:FCM:2071030,
  title     = {A First Course in Machine Learning},
  publisher = {Chapman \& Hall/CRC},
  year      = {2011},
  author    = {Rogers, Simon and Girolami, Mark},
  edition   = {1st},
  isbn      = {1439824142, 9781439824146},
}


@Comment{jabref-meta: databaseType:bibtex;}
